@article{whereYouAt2019,
author = {A. Elevelt and W. Bernasco and P. Lugtig and S. Ruiter and V. Toepoel},
title ={Where You at? Using GPS Locations in an Electronic Time Use Diary Study to Derive Functional Locations},
journal = {Social Science Computer Review},
volume = {39},
number = {4},
pages = {509-526},
year = {2021},
doi = {10.1177/0894439319877872},
url= {https://doi.org/10.1177/0894439319877872}
}

@article{reviewOfMethods2014,
author = {Li Shen and Peter R. Stopher},
title = {Review of GPS Travel Survey and GPS Data-Processing Methods},
journal = {Transport Reviews},
volume = {34},
number = {3},
pages = {316-334},
year  = {2014},
publisher = {Routledge},
doi = {10.1080/01441647.2014.903530},
url = {https://doi.org/10.1080/01441647.2014.903530}
}

@article{comparisonOfAlgorithms2016,
author = {Tao Feng and Harry J.P. Timmermans},
title = {Comparison of advanced imputation algorithms for detection of transportation mode and activity episode using GPS data},
journal = {Transportation Planning and Technology},
volume = {39},
number = {2},
pages = {180-194},
year  = {2016},
publisher = {Routledge},
doi = {10.1080/03081060.2015.1127540},
url = {https://doi.org/10.1080/03081060.2015.1127540}
}

@Article{DBAlgorithm2017,
AUTHOR = {Luo, Ting and Zheng, Xinwei and Xu, Guangluan and Fu, Kun and Ren, Wenjuan},
TITLE = {An Improved DBSCAN Algorithm to Detect Stops in Individual Trajectories},
JOURNAL = {ISPRS International Journal of Geo-Information},
VOLUME = {6},
YEAR = {2017},
NUMBER = {3},
ARTICLE-NUMBER = {63},
URL = {https://www.mdpi.com/2220-9964/6/3/63},
ISSN = {2220-9964},
DOI = {10.3390/ijgi6030063}
}